<?xml version="1.0" encoding="UTF-8"?><collection xmlns="http://www.loc.gov/MARC21/slim"><record><leader>00490nam--2200169-i-4500</leader><controlfield tag="001">000039035</controlfield><controlfield tag="002">20161230</controlfield><controlfield tag="005">20161230201042</controlfield><controlfield tag="008">060222s1000------------r-----000-0-fre-d</controlfield><datafield ind1=" " ind2=" " tag="041"><subfield code="a">fre</subfield></datafield><datafield ind1=" " ind2=" " tag="080"><subfield code="a">524.1(043)</subfield></datafield><datafield ind1="1" ind2=" " tag="100"><subfield code="a">Reyss, Jean-louis</subfield></datafield><datafield ind1="1" ind2="0" tag="245"><subfield code="a">L`aluminium 26, empreinte du rayonnement cosmique pour le million d`annees passees</subfield><subfield code="b">These</subfield><subfield code="c">Jean-louis reyss</subfield></datafield><datafield ind1=" " ind2=" " tag="260"><subfield code="a">Paris</subfield><subfield code="b">Universite</subfield><subfield code="c">1977</subfield></datafield><datafield ind1=" " ind2=" " tag="300"><subfield code="a">126P.+ DIF</subfield></datafield><datafield ind1=" " ind2=" " tag="852"><subfield code="a">46470</subfield><subfield code="c">523.164</subfield></datafield><datafield ind1=" " ind2=" " tag="CAT"><subfield code="a">Sys</subfield><subfield code="c">20141210</subfield><subfield code="h">180033</subfield></datafield></record></collection>